<record><leader>00000cas a22000007a 4500</leader><controlfield tag="001">16645102</controlfield><controlfield tag="008">870904c187u9999mauwr ne      0   a0eng c</controlfield><datafield ind1=" " ind2=" " tag="010"><subfield code="a">sn 89062031 </subfield></datafield><datafield ind1=" " ind2=" " tag="040"><subfield code="a">BDR</subfield><subfield code="b">eng</subfield><subfield code="c">BDR</subfield><subfield code="d">MGN</subfield><subfield code="d">NSD</subfield><subfield code="d">MGN</subfield><subfield code="d">OCLCQ</subfield></datafield><datafield ind1=" " ind2=" " tag="012"><subfield code="m">1</subfield></datafield><datafield ind1="1" ind2=" " tag="022"><subfield code="a">1050-0936</subfield><subfield code="l">1050-0936</subfield><subfield code="2">1</subfield></datafield><datafield ind1=" " ind2=" " tag="032"><subfield code="a">064980</subfield><subfield code="b">USPS</subfield></datafield><datafield ind1=" " ind2=" " tag="037"><subfield code="b">Bridgewater Independent, 253 Bedford, Bridgewater, Mass. 02324</subfield></datafield><datafield ind1=" " ind2=" " tag="042"><subfield code="a">pcc</subfield><subfield code="a">nsdp</subfield></datafield><datafield ind1=" " ind2="0" tag="222"><subfield code="a">Bridgewater independent</subfield></datafield><datafield ind1="0" ind2="0" tag="245"><subfield code="a">Bridgewater independent.</subfield></datafield><datafield ind1="3" ind2="0" tag="246"><subfield code="a">East Bridgewater star</subfield></datafield><datafield ind1=" " ind2=" " tag="260"><subfield code="a">Bridgewater, Mass. :</subfield><subfield code="b">Henry T. Pratt</subfield></datafield><datafield ind1=" " ind2=" " tag="300"><subfield code="a">v.</subfield></datafield><datafield ind1=" " ind2=" " tag="310"><subfield code="a">Weekly</subfield></datafield><datafield ind1=" " ind2=" " tag="500"><subfield code="a">Published: The Independent Newspaper, &lt;Mar. 1990-&gt;</subfield></datafield><datafield ind1=" " ind2=" " tag="500"><subfield code="a">Published as: East Bridgewater star, Nov. 23, 1923; Dec. 28, 1923.</subfield></datafield><datafield ind1=" " ind2=" " tag="588"><subfield code="a">Description based on: Vol. 3, no. 48 (Feb. 1, 1879).</subfield></datafield><datafield ind1=" " ind2=" " tag="588"><subfield code="a">Latest issue consulted: Vol. 114, no. 11 (Mar. 8, 1990).</subfield></datafield><datafield ind1=" " ind2=" " tag="752"><subfield code="a">United States</subfield><subfield code="b">Massachusetts</subfield><subfield code="c">Plymouth</subfield><subfield code="d">Bridgewater.</subfield></datafield><datafield ind1="0" ind2="0" tag="780"><subfield code="t">Every Saturday (Bridgewater, Mass.)</subfield><subfield code="w">(DLC)sn 83020101</subfield></datafield><datafield ind1="0" ind2="5" tag="780"><subfield code="t">Bridgewater advertiser</subfield><subfield code="g">Jan. 10, 1919</subfield><subfield code="w">(DLC)sn 93059232</subfield></datafield><datafield ind1="1" ind2=" " tag="029"><subfield code="a">AU@</subfield><subfield code="b">000025849587</subfield></datafield></record>